<record><leader>00000cas a22000007a 4500</leader><controlfield tag="001">38371999</controlfield><controlfield tag="008">980209d19851988vauwr ne      0    0eng d</controlfield><datafield ind1=" " ind2=" " tag="010"><subfield code="a">sn 98068309 </subfield></datafield><datafield ind1=" " ind2=" " tag="040"><subfield code="a">NVK</subfield><subfield code="b">eng</subfield><subfield code="c">NVK</subfield><subfield code="d">OCLCQ</subfield><subfield code="d">OCLCF</subfield><subfield code="d">OCLCO</subfield></datafield><datafield ind1="1" ind2=" " tag="029"><subfield code="a">AU@</subfield><subfield code="b">000013766551</subfield></datafield><datafield ind1=" " ind2=" " tag="042"><subfield code="a">msc</subfield></datafield><datafield ind1="0" ind2="4" tag="245"><subfield code="a">The Gazette South of the James.</subfield></datafield><datafield ind1="3" ind2=" " tag="246"><subfield code="a">Gazette</subfield></datafield><datafield ind1=" " ind2=" " tag="260"><subfield code="a">Chesterfield County, Va. :</subfield><subfield code="b">The Gazette,</subfield><subfield code="c">1985-1988.</subfield></datafield><datafield ind1=" " ind2=" " tag="300"><subfield code="a">v.</subfield></datafield><datafield ind1=" " ind2=" " tag="310"><subfield code="a">Weekly</subfield></datafield><datafield ind1="0" ind2=" " tag="362"><subfield code="a">Vol. 8, no. 1 (Aug. 22, 1985)-v. 11 no. 20 (May 19, 1988).</subfield></datafield><datafield ind1=" " ind2=" " tag="500"><subfield code="a">Publisher: William Reed III.</subfield></datafield><datafield ind1=" " ind2=" " tag="530"><subfield code="a">Available on microfilm from the Library of Virginia.</subfield></datafield><datafield ind1=" " ind2=" " tag="580"><subfield code="a">Formed by the merger of the Chesterfield &amp; Powhatan editions of the Gazette.</subfield></datafield><datafield ind1=" " ind2="0" tag="651"><subfield code="a">Chesterfield County (Va.)</subfield><subfield code="v">Newspapers.</subfield></datafield><datafield ind1=" " ind2="0" tag="651"><subfield code="a">Richmond (Va.)</subfield><subfield code="v">Newspapers.</subfield></datafield><datafield ind1=" " ind2="7" tag="655"><subfield code="a">Newspapers.</subfield><subfield code="2">fast</subfield><subfield code="0">(OCoLC)fst01423814</subfield></datafield><datafield ind1=" " ind2="7" tag="651"><subfield code="a">Virginia</subfield><subfield code="z">Chesterfield County.</subfield><subfield code="2">fast</subfield><subfield code="0">(OCoLC)fst01210521</subfield></datafield><datafield ind1=" " ind2="7" tag="651"><subfield code="a">Virginia</subfield><subfield code="z">Richmond.</subfield><subfield code="2">fast</subfield><subfield code="0">(OCoLC)fst01205345</subfield></datafield><datafield ind1=" " ind2=" " tag="752"><subfield code="a">United States</subfield><subfield code="b">Virginia</subfield><subfield code="c">Chesterfield</subfield><subfield code="d">Richmond.</subfield></datafield><datafield ind1="1" ind2="4" tag="780"><subfield code="t">Gazette (Chesterfield, Va.)</subfield><subfield code="w">(DLC)sn 83007681</subfield></datafield><datafield ind1="1" ind2="4" tag="780"><subfield code="t">Gazette (Powhatan, Va.)</subfield><subfield code="w">(DLC)sn 98068319</subfield></datafield><datafield ind1="0" ind2="0" tag="785"><subfield code="t">Chesterfield gazette</subfield><subfield code="w">(DLC)sn 98068314</subfield></datafield></record>